@article{this,
    author      =   "Ali M.Abdelsalam and M.A.El-Shorbagy",
    title       =   "Optimization of wind turbines siting in a wind farm using genetic algorithm based local search",
    journal     =   "Renewable Energy",
    volume      =   "123",
    pages       =   "748-755",
    year        =   "2018",
    month       =   "August",
    DOI         =   "https://doi.org/10.1016/j.renene.2018.02.083"
}

@book{book1,
    author      =   "Ahmad Hemami",
    title       =   "Wind Turbine Technology",
    edition     =   "1",
    year        =   "2012",
    publisher   =   "Cengage Learning",
    address     =   "New Delhi"
}

@book{book2,
    author      =   "N. O. Jensen",
    title       =   "A note on wind generator interaction",
    publisher   =   "Ris\o National Laboratory",
    address     =   "DK-4000 Roskilde, Denmark",
    year        =   "1983"
}

@misc{windturbine1,
    author      =   "Wind Energy Technologies Office",
    title       =   "Animation: How a Wind Turbine Works",
    url         =   "https://www.energy.gov/eere/wind/animation-how-wind-turbine-works"
}

@misc{wakeeffect,
    title       =   "Wake Effect",
    url         =   "http://drømstorre.dk/wp-content/wind/miller/windpower web/en/tour/wres/wake.htm"
}

@misc{windturbine2,
    author      =   "Acciona",
    title       =   "Wind Turbines",
    url         =   "https://www.acciona.com/renewable-energy/wind-power/wind-turbines/"
}

@misc{windturbine3,
    author      =   "Acciona",
    month       =   "February",
    year        =   "2016",
    title       =   "How does a wind turbine work? Sustainability",
    url         =   "https://www.youtube.com/watch?v=DILJJwsFl3w"
}

@article{wakelosses,
    author      =   "Yuan-Kang Wu and Yu-Shen Su and Ting-Yi Wu",
    title       =   "Estimation of Wake Losses in an Offshore Wind Farm by WAsP – A Real Project Case Study in Taiwan ",
    journal     =   "10th International Conference on Advances in Power System Control, Operation & MAnagement (APSCOM 2015)",
    year        =   "2015",
    DOI         =   "http://dx.doi.org/10.1002/andp.19053221004"
}

@misc{wakemodel,
    author      =   "ResearchGate",
    title       =   "Multiple-wake-effect-of-wind-farm",
    url         =   "https://www.researchgate.net/profile/Abdur\_Raheem3/publication/273947841/figure/fig2/AS:2948216012677161447302355657/Multiple-wake-effect-of-wind-farm.png"
}

@misc{thrust,
    title       =   "Definition of thrust coefficient CT",
    url         =   "http://www.energy.kth.se/compedu/webcompedu/WebHelp/S9\_Renewable\_Energy/B2\_Wind\_Energy/C2\_Introduction\_to\_Basic\_Aerodynamics\_of\_wind\_turbines/ID76\_files/Definition\_of\_thrust\_coefficient\_CT.htm"
}

@article{windturbine4,
    author      =   "S. A Grady and M. Y. Hussaini and M. M. Abdullah",
    title       =   "Placement of wind turbines using genetic algorithms",
    journal     =   "Renewable Energy",
    volume      =   "30",
    number      =   "2",
    pages       =   "259-270",
    year        =   "2005",
    month       =   "February",
    DOI         =   "https://doi.org/10.1016/j.renene.2004.05.007"
}

@article{windturbine5,
    author      =   "G. Mosetti and C. Poloni and B. Diviacco",
    title       =   "Optimization of wind turbine positioning in large windfarms by means of a genetic algorithm",
    journal     =   "Journal of Wind Engineering and Industrial Aerodynamics",
    volume      =   "51",
    number      =   "1",
    pages       =   "105-116",
    year        =   "1994",
    month       =   "January",
    DOI         =   "https://doi.org/10.1016/0167-6105(94)90080-9"
}

@article{windturbine6,
    title = "New approach on optimization in placement of wind turbines within wind farm by genetic algorithms",
    author = "Alireza Emami and Pirooz Noghreh",
    journal = "Renewable Energy",
    volume = "35",
    number = "7",
    month = "July",
    year = "2010",
    pages = "1559-1564",
    doi= "https://doi.org/10.1016/j.renene.2009.11.026"
}

@incollection{GA1,
    author      =   "Xin-SheYang",
    title       =   "Genetic Algorithms",
    chapter     =   "5",
    booktitle   =   "Nature-Inspired Optimization Algorithms",
    pages       =   "77-87",
    year        =   "2014",
    DOI         =   "https://doi.org/10.1016/B978-0-12-416743-8.00005-1"
}

@incollection{GA2,
    author      =   "Marius-Christian Frunza",
    title       =   "Genetic Algorithms",
    chapter     =   "2D",
    booktitle   =   "Solving Modern Crime in Financial Markets",
    pages       =   "151-161",
    year        =   "2016",
    DOI         =   "https://doi.org/10.1016/B978-0-12-804494-0.00010-3"
}

@incollection{localsearch1,
    author      =   "Holger H.Hoos and EdwardTsang",
    title       =   "Local Search Methods",
    chapter     =   "5",
    booktitle   =   "Foundations of Artificial Intelligence",
    pages       =   "135-167",
    year        =   "2006",
    volume      =   "2",
    DOI         =   "https://doi.org/10.1016/B978-0-12-804494-0.00010-3"
}

@misc{localsearch2,
    author      =   "Intrigano",
    title       =   "Algorithms – Principles of Local Search",
    month       =   "October",
    year        =   "2017",
    url         =   "https://www.youtube.com/watch?v=bQcPlBPf6Jg"
}

@book{evolCom,
    editor      =   "Thomas Baeck and D.B Fogel and Z Michalewicz",
    title       =   "Handbook of Evolutionary Computation",
    publisher   =   "CRC Press",
    month       =   "January",
    year        =   "1997",
    address     =   "Boca Raton",
    edition     =   "1"
}
@misc{windPrt,
    author    =   "Marcias J. Martinez",
    title       =   "Wind Schematics",
    month       =   "September",
    year        =   "2014",
    url         =   "https://www.researchgate.net/figure/Wind-turbine-schematic-source-US-DOE_fig1_265382474"
}